@unpublished{chabiron_optimization_2016,
	hyphenation = {french},
	title = {Optimization of a {Fast} {Transform} {Structured} as a {Convolutional} {Tree}},
	author = {Chabiron, Olivier and Malgouyres, François and Wendt, Herwig and Tourneret, Jean-Yves},
	month = jan,
	year = {2016},
	note = {preprint},
	keywords = {data analysis, data representation, Dictionary learning, Fast transform},
    shorttitle = {Optimization of a {Fast} {Transform}...}
}

@article{chabiron_toward_2015,
	title = {Toward {Fast} {Transform} {Learning}},
	volume = {114},
	number = {2},
	journal = {Int J Comput Vis},
	author = {Chabiron, Olivier and Malgouyres, François and Tourneret, Jean-Yves and Dobigeon, Nicolas},
	month = sep,
	year = {2015},
	keywords = {Artificial Intelligence (incl. Robotics), Computer Imaging, Vision, Pattern Recognition and Graphics, Dictionary learning, Fast transform, Gauss–Seidel, Global optimization, Image Processing and Computer Vision, Matrix factorization, Pattern Recognition, Sparse representation},
	pages = {195--216}
}